@article{goodman2007grading,
  title={Grading and staging systems for inflammation and fibrosis in chronic liver diseases},
  author={Goodman, Zachary D},
  journal={Journal of hepatology},
  volume={47},
  number={4},
  pages={598--607},
  year={2007},
  publisher={Elsevier}
}

@book{ray2004sherris,
  title={Sherris medical microbiology: an introduction to infectious diseases},
  author={Ray, C George and Ryan, Kenneth James},
  year={2004},
  publisher={McGraw-Hill}
}

@article{forouzanfar2016global,
  title={Global, regional, and national comparative risk assessment of 79 behavioural, environmental and occupational, and metabolic risks or clusters of risks, 1990--2015: a systematic analysis for the Global Burden of Disease Study 2015},
  author={Forouzanfar, Mohammad H and Afshin, Ashkan and Alexander, Lily T and Anderson, H Ross and Bhutta, Zulfiqar A and Biryukov, Stan and Brauer, Michael and Burnett, Richard and Cercy, Kelly and Charlson, Fiona J and others},
  journal={The Lancet},
  volume={388},
  number={10053},
  pages={1659--1724},
  year={2016},
  publisher={Elsevier}
}